@book{Loudon2000,
  title={The quantum theory of light},
  author={Loudon, Rodney},
  year={2000},
  publisher={OUP Oxford}
}

@book{Bransden2003,
  title={Physics of atoms and molecules},
  author={Bransden, Brian Harold and Joachain, Charles Jean and Plivier, Theodor J},
  year={2003},
  publisher={Pearson education}
}

@book{Auzinsh2010,
  title={Optically polarized atoms: understanding light-atom interactions},
  author={Auzinsh, Marcis and Budker, Dmitry and Rochester, Simon},
  year={2010},
  publisher={Oxford University Press}
}

@book{Foot2005,
  title={Atomic physics},
  author={Foot, Christopher J and others},
  volume={7},
  year={2005},
  publisher={Oxford University Press}
}

@article{Bernadotte2012,
  title={Origin-independent calculation of quadrupole intensities in X-ray spectroscopy},
  author={Bernadotte, Stephan and Atkins, Andrew J and Jacob, Christoph R},
  journal={The Journal of chemical physics},
  volume={137},
  number={20},
  pages={204106},
  year={2012},
  publisher={American Institute of Physics}
}